<record><leader>00000cas a22000007a 4500</leader><controlfield tag="001">30617872</controlfield><controlfield tag="008">940616d18811882iduwr ne      0    0eng d</controlfield><datafield ind1=" " ind2=" " tag="010"><subfield code="a">sn 94052690 </subfield></datafield><datafield ind1=" " ind2=" " tag="040"><subfield code="a">CUY</subfield><subfield code="b">eng</subfield><subfield code="c">CNK</subfield><subfield code="d">OCLCQ</subfield><subfield code="d">OCLCF</subfield><subfield code="d">OCLCO</subfield></datafield><datafield ind1="1" ind2=" " tag="029"><subfield code="a">AU@</subfield><subfield code="b">000025867530</subfield></datafield><datafield ind1=" " ind2=" " tag="042"><subfield code="a">msc</subfield></datafield><datafield ind1=" " ind2=" " tag="043"><subfield code="a">n-us-id</subfield></datafield><datafield ind1="0" ind2="4" tag="245"><subfield code="a">The Wood River news.</subfield></datafield><datafield ind1="3" ind2="0" tag="246"><subfield code="a">Daily Wood River news</subfield></datafield><datafield ind1=" " ind2=" " tag="260"><subfield code="a">Bellevue, Alturas Co., Idaho :</subfield><subfield code="b">Clay, Allen &amp; George</subfield></datafield><datafield ind1=" " ind2=" " tag="300"><subfield code="a">v.</subfield></datafield><datafield ind1=" " ind2=" " tag="310"><subfield code="a">Weekly,</subfield><subfield code="b">&lt;Oct. 15, 1881-Apr. 22, 1882&gt;</subfield></datafield><datafield ind1=" " ind2=" " tag="321"><subfield code="a">Weekly,</subfield><subfield code="b">May 7-Aug. 27, 1881</subfield></datafield><datafield ind1=" " ind2=" " tag="321"><subfield code="a">Daily,</subfield><subfield code="b">Aug. 31-&lt;Sept. 17, 1881&gt;</subfield></datafield><datafield ind1="0" ind2=" " tag="362"><subfield code="a">Vol. 1, no. 1 (May 7, 1881)-</subfield></datafield><datafield ind1="1" ind2=" " tag="362"><subfield code="a">Ceased in 1882.</subfield></datafield><datafield ind1=" " ind2=" " tag="500"><subfield code="a">Published as: Daily Wood River news, Aug. 31-&lt;Sept. 17. 1881&gt;.</subfield></datafield><datafield ind1=" " ind2="0" tag="651"><subfield code="a">Bellevue (Idaho)</subfield><subfield code="v">Newspapers.</subfield></datafield><datafield ind1=" " ind2="7" tag="655"><subfield code="a">Newspapers.</subfield><subfield code="2">fast</subfield><subfield code="0">(OCoLC)fst01423814</subfield></datafield><datafield ind1=" " ind2="7" tag="651"><subfield code="a">Idaho</subfield><subfield code="z">Bellevue.</subfield><subfield code="2">fast</subfield><subfield code="0">(OCoLC)fst01251516</subfield></datafield><datafield ind1=" " ind2=" " tag="752"><subfield code="a">United States</subfield><subfield code="b">Idaho</subfield><subfield code="c">Blaine</subfield><subfield code="d">Bellevue.</subfield></datafield><datafield ind1=" " ind2=" " tag="752"><subfield code="a">United States</subfield><subfield code="b">Idaho</subfield><subfield code="c">Alturas</subfield><subfield code="d">Bellevue.</subfield></datafield><datafield ind1="0" ind2="7" tag="785"><subfield code="t">Wood River miner</subfield><subfield code="w">(DLC)sn 94052691</subfield></datafield><datafield ind1="0" ind2="7" tag="785"><subfield code="t">Wood River news-miner</subfield><subfield code="w">(DLC)sn 86091177</subfield></datafield></record>